@misc{martinek1,
author = {David Martinek},
title = {\LaTeX ové speciality},
howpublished = {[online]},
year = {Naposledy navštíveno 9. 4. 2021},
url = {http://www.fit.vutbr.cz/~martinek/latex/index.html.cs.iso-8859-2}
}

@misc{lamport,
author = {Kolektiv},
title = {\LaTeX},
howpublished = {[online]},
url = "https://en.wikipedia.org/wiki/Leslie/LaTeX",
year = {Naposledy navštíveno 9. 4. 2021}
}

@misc{zlatuska,
author = {Kolektiv},
title = {pdfTeX},
howpublished = {[online]},
url = "https://en.wikipedia.org/wiki/PdfTeX",
year = {Naposledy navštíveno 9. 4. 2021}
}

@misc{overleaf,
author = "Overleaf",
title = "About us (Overleaf)",
howpublished = {[online]},
url = "https://www.overleaf.com/about",
year = {Naposledy navštíveno 16. 4. 2021}
}

@misc{miktex,
author = "Christian Schenk",
title = "MikTeX",
howpublished = {[online]},
url = "https://miktex.org",
year = {Naposledy navštíveno 16. 4. 2021}
}

@misc{texmaker,
author = "Pascal Brachet",
title = "Texmaker",
howpublished = {[online]},
url = "https://www.xm1math.net/texmaker/",
year = {Naposledy navštíveno 16. 4. 2021}
}

@book{prvnimanual,
author = {Leslie Lamport},
publisher = {Addison-Wesley},
title = {\LaTeX: A Document Preparation System},
year = {1986},
ISBN = {978-0-201-15790-1},
pages = {272}
}

@book{rybicka,
author = {Jiří Rybička},
publisher = {Konvoj},
title = {\LaTeX pro začátečníky},
year = {2003},
ISBN = {80-7302-049-1},
pages = 239
}

@proceedings{casFont,
    key = {Font},
    author = {Kolektiv},
    title = {Font},
    publisher = {Kafka design, s. r. o.},
    year = {1991-doteď. Vychází každý sudý měsíc},
    adress = {Praha 6},
    issn = {1211-4049}
}

@PhdThesis{pdflatex,
author = {Hàn Thế Thành},
school = {Fakulta informatiky Masarykovy univerzity},
year = {2000},
title = {Micro-typographic extensions to the TeX typesetting system}
}

@MastersThesis{random,
    author = {Marek Vyroubal},
    title = {Uživatelské rozhraní informačního systému FIT},
    school = {Fakulta informačních technologií Vysokého učení technického v Brně},
    year = {2018}
}

@article{dutch,
    journal = {Informational Design Journal},
    author = {Theo van Leeuwen},
    title = {Towards a semiotics of typography},
    year = {2006},
    issn = {0142-5471}
}

@article{semiotic,
    author = {Frank Serafini and Jennifer Clausen},
    title = {Typography as Semiotic Resource},
    journal = {Journal of Visual Literacy},
    year  = {2012},
    publisher = {Routledge},
    }