@Misc{stack,
    title = "How Python implements dictionaries",
    key = "tax-free",
    url = {https://www.jessicayung.com/how-python-implements-dictionaries/},
    year = "Naposledy vidÄ›no 21. 4. 2021"
}